@inproceedings{SUMO2018,
          title = {Microscopic Traffic Simulation using SUMO},
         author = {Pablo Alvarez Lopez and Michael Behrisch and Laura Bieker-Walz and Jakob Erdmann and Yun-Pang Fl{\"o}tter{\"o}d and Robert Hilbrich and Leonhard L{\"u}cken and Johannes Rummel and Peter Wagner and Evamarie Wie{\ss}ner},
      publisher = {IEEE},
      booktitle = {The 21st IEEE International Conference on Intelligent Transportation Systems},
           year = {2018},
        journal = {IEEE Intelligent Transportation Systems Conference (ITSC)},
       keywords = {traffic simulation, modelling, optimization},
            url = {https://elib.dlr.de/124092/},
 }

 @article{Genders,
  author    = {Wade Genders and
               Saiedeh Razavi},
  title     = {Using a Deep Reinforcement Learning Agent for Traffic Signal Control},
  journal   = {CoRR},
  volume    = {abs/1611.01142},
  year      = {2016},
  url       = {http://arxiv.org/abs/1611.01142},
  archivePrefix = {arXiv},
  eprint    = {1611.01142},
  timestamp = {Wed, 07 Jun 2017 14:42:13 +0200},
  biburl    = {http://dblp.org/rec/bib/journals/corr/GendersR16},
  bibsource = {dblp computer science bibliography, http://dblp.org}
}

@techreport{CEBR,
  author = {{CEBR}},
  title = {The future economic and environmental costs of gridlock in 2030},
  institution = {INRIX},
  month = {July},
  year = {2014},
  url={https://www.ibtta.org/sites/default/files/documents/MAF/Costs-of-Congestion-INRIX-Cebr-Report%20(3).pdf}
}

@article{Brys2014,
author = {Brys, Tim and Pham, Tong and Taylor, Matthew},
year = {2014},
month = {01},
pages = {},
title = {Distributed Learning and Multi-Objectivity in Traffic Light Control},
volume = {26},
journal = {Connection Science},
doi = {10.1080/09540091.2014.885282}
}

@article{Chu,
  author    = {Tianshu Chu and
               Jie Wang and
               Lara Codec{\`{a}} and
               Zhaojian Li},
  title     = {Multi-Agent Deep Reinforcement Learning for Large-scale Traffic Signal
               Control},
  journal   = {CoRR},
  volume    = {abs/1903.04527},
  year      = {2019},
  url       = {http://arxiv.org/abs/1903.04527},
  archivePrefix = {arXiv},
  eprint    = {1903.04527},
  timestamp = {Sun, 31 Mar 2019 19:01:24 +0200},
  biburl    = {https://dblp.org/rec/bib/journals/corr/abs-1903-04527},
  bibsource = {dblp computer science bibliography, https://dblp.org}
}

@article{Tantawy,
author = {Samah El-Tantawy and Baher Abdulhai},
title = {Towards multi-agent reinforcement learning for integrated network of optimal traffic controllers (MARLIN-OTC)},
journal = {Transportation Letters},
volume = {2},
number = {2},
pages = {89-110},
year  = {2010},
publisher = {Taylor & Francis},
doi = {10.3328/TL.2010.02.02.89-110},

URL = { 
        https://doi.org/10.3328/TL.2010.02.02.89-110
    
},
eprint = { 
        https://doi.org/10.3328/TL.2010.02.02.89-110
    
}

}


@article{DeepmindLocomotion,
  author    = {Nicolas Heess and
               Dhruva TB and
               Srinivasan Sriram and
               Jay Lemmon and
               Josh Merel and
               Greg Wayne and
               Yuval Tassa and
               Tom Erez and
               Ziyu Wang and
               S. M. Ali Eslami and
               Martin A. Riedmiller and
               David Silver},
  title     = {Emergence of Locomotion Behaviours in Rich Environments},
  journal   = {CoRR},
  volume    = {abs/1707.02286},
  year      = {2017},
  url       = {http://arxiv.org/abs/1707.02286},
  archivePrefix = {arXiv},
  eprint    = {1707.02286},
  timestamp = {Tue, 08 Aug 2017 15:06:57 +0200},
  biburl    = {http://dblp.org/rec/bib/journals/corr/HeessTSLMWTEWER17},
  bibsource = {dblp computer science bibliography, http://dblp.org}
}


@article{DeepmindAtari,
	Author = {Mnih, Volodymyr and Kavukcuoglu, Koray and Silver, David and Rusu, Andrei A. and Veness, Joel and Bellemare, Marc G. and Graves, Alex and Riedmiller, Martin and Fidjeland, Andreas K. and Ostrovski, Georg and Petersen, Stig and Beattie, Charles and Sadik, Amir and Antonoglou, Ioannis and King, Helen and Kumaran, Dharshan and Wierstra, Daan and Legg, Shane and Hassabis, Demis},
	Journal = {Nature},
	Month = {02},
	Pages = {529 EP  -},
	Title = {Human-level control through deep reinforcement learning},
	Volume = {518},
	Year = {2015}
}



@article{Watkins1989,
author = {Watkins, Christopher and Dayan, Peter},
year = {1992},
month = {05},
pages = {279-292},
title = {Technical Note: Q-Learning},
volume = {8},
booktitle = {Machine Learning}
}

@TECHREPORT{Thorpe,
    author = {Thomas L. Thorpe and Charles W. Anderson},
    title = {Traffic Light Control Using SARSA with Three State Representations},
    institution = {IBM Corporation},
    year = {1996}
}

@article{Robertson1969,
author = {D.~I. Robertson},
title = {TRANSYT method for area traffic control},
journal = {Traffic Engineering & Control},
volume = {10},
month = {Oct},
year = {1969},
pages = {271-281}
}

@article{Robertson1991,
author = {D.~I. Robertson and R.~D. Bretherton},
title = {Optimizing networks of traffic signals in real time-the scoot method},
journal = {IEEE Transactions on Vehicular Technology}, 
volume = {40},
pages = {11-15}, 
month = {Feb},
year = {1991}
}